
@article{heide-jorgensen_behavioral_2021,
	title = {Behavioral {Response} {Study} on {Seismic} {Airgun} and {Vessel} {Exposures} in {Narwhals}},
	volume = {8},
	issn = {2296-7745},
	doi = {10.3389/fmars.2021.658173},
	language = {en},
	journal = {Frontiers in Marine Science},
	author = {Heide-Jørgensen, Mads Peter and Blackwell, Susanna B. and Tervo, Outi M. and Samson, Adeline L. and Garde, Eva and Hansen, Rikke G. and Ngô, Manh Cu’ò’ng and Conrad, Alexander S. and Trinhammer, Per and Schmidt, Hans C. and Sinding, Mikkel-Holger S. and Williams, Terrie M. and Ditlevsen, Susanne},
	year = {2021},
	pages = {658173},
	file = {Heide-Jørgensen et al. - 2021 - Behavioral Response Study on Seismic Airgun and Ve.pdf:/home/delporta/Zotero/storage/N6XLLC72/Heide-Jørgensen et al. - 2021 - Behavioral Response Study on Seismic Airgun and Ve.pdf:application/pdf},
}

@article{southall_marine_2008,
	title = {{MARINE} {MAMMAL} {NOISE}-{EXPOSURE} {CRITERIA}: {INITIAL} {SCIENTIFIC} {RECOMMENDATIONS}},
	volume = {17},
	issn = {0952-4622, 2165-0586},
	shorttitle = {{MARINE} {MAMMAL} {NOISE}-{EXPOSURE} {CRITERIA}},
	doi = {10.1080/09524622.2008.9753846},
	language = {en},
	number = {1-3},
	journal = {Bioacoustics},
	author = {Southall, Brandon L. and Bowles, Ann E. and Ellison, William T. and Finneran, James J. and Gentry, Roger L. and Greene, Charles R. and Kastak, David and Ketten, Darlene R. and Miller, James H. and Nachtigall, Paul E. and Richardson, W. John and Thomas, Jeanette A. and Tyack, Peter L.},
	year = {2008},
	pages = {273--275},
	file = {Aquatic Mammals Noise Exposure Criteria Southall et al (2007) Appendix O .pdf:/home/delporta/Zotero/storage/HL9QG8BD/Aquatic Mammals Noise Exposure Criteria Southall et al (2007) Appendix O .pdf:application/pdf},
}

@article{halliday_underwater_2020,
	title = {Underwater noise and {Arctic} marine mammals: review and policy recommendations},
	volume = {28},
	copyright = {http://www.nrcresearchpress.com/page/about/CorporateTextAndDataMining},
	issn = {1181-8700, 1208-6053},
	shorttitle = {Underwater noise and {Arctic} marine mammals},
	doi = {10.1139/er-2019-0033},
	language = {en},
	number = {4},
	journal = {Environmental Reviews},
	author = {Halliday, William D. and Pine, Matthew K. and Insley, Stephen J.},
	year = {2020},
	pages = {438--448},
	file = {Underwater noise report.pdf:/home/delporta/Zotero/storage/FPLDA3IB/Underwater noise report.pdf:application/pdf},
}

@article{southall_marine_2019,
	title = {Marine {Mammal} {Noise} {Exposure} {Criteria}: {Updated} {Scientific} {Recommendations} for {Residual} {Hearing} {Effects}},
	volume = {45},
	issn = {01675427},
	shorttitle = {Marine {Mammal} {Noise} {Exposure} {Criteria}},
	doi = {10.1578/AM.45.2.2019.125},
	language = {en},
	number = {2},
	journal = {Aquatic Mammals},
	author = {Southall, Brandon L. and Finneran, James J. and Reichmuth, Colleen and Nachtigall, Paul E. and Ketten, Darlene R. and Bowles, Ann E. and Ellison, William T. and Nowacek, Douglas P. and Tyack, Peter L.},
	year = {2019},
	pages = {125--232},
	file = {Southall et al. - 2019 - Marine Mammal Noise Exposure Criteria Updated Sci.pdf:/home/delporta/Zotero/storage/ENJADCBC/Southall et al. - 2019 - Marine Mammal Noise Exposure Criteria Updated Sci.pdf:application/pdf},
}

@article{tyack_beaked_2011,
	title = {Beaked {Whales} {Respond} to {Simulated} and {Actual} {Navy} {Sonar}},
	volume = {6},
	issn = {1932-6203},
	doi = {10.1371/journal.pone.0017009},
	language = {en},
	number = {3},
	journal = {PLoS ONE},
	author = {Tyack, Peter L. and Zimmer, Walter M. X. and Moretti, David and Southall, Brandon L. and Claridge, Diane E. and Durban, John W. and Clark, Christopher W. and D'Amico, Angela and DiMarzio, Nancy and Jarvis, Susan and McCarthy, Elena and Morrissey, Ronald and Ward, Jessica and Boyd, Ian L.},
	editor = {Thrush, Simon},
	year = {2011},
	pages = {e17009},
	file = {Tyack et al. - 2011 - Beaked Whales Respond to Simulated and Actual Navy.pdf:/home/delporta/Zotero/storage/YHNQBJ68/Tyack et al. - 2011 - Beaked Whales Respond to Simulated and Actual Navy.pdf:application/pdf},
}

@article{tervo_narwhals_2021,
	title = {Narwhals react to ship noise and airgun pulses embedded in background noise},
	volume = {17},
	issn = {1744-957X},
	doi = {10.1098/rsbl.2021.0220},
	language = {en},
	number = {11},
	journal = {Biology Letters},
	author = {Tervo, Outi M. and Blackwell, Susanna B. and Ditlevsen, Susanne and Conrad, Alexander S. and Samson, Adeline L. and Garde, Eva and Hansen, Rikke G. and Mads Peter, Heide-Jørgensen},
	year = {2021},
	pages = {20210220},
	file = {Tervo et al. - 2021 - Narwhals react to ship noise and airgun pulses emb.pdf:/home/delporta/Zotero/storage/H8F6B58V/Tervo et al. - 2021 - Narwhals react to ship noise and airgun pulses emb.pdf:application/pdf},
}

@article{madsen_quantitative_2006,
	title = {Quantitative measures of air-gun pulses recorded on sperm whales ( \textit{{Physeter} macrocephalus} ) using acoustic tags during controlled exposure experiments},
	volume = {120},
	issn = {0001-4966, 1520-8524},
	doi = {10.1121/1.2229287},
	language = {en},
	number = {4},
	journal = {The Journal of the Acoustical Society of America},
	author = {Madsen, P. T. and Johnson, M. and Miller, P. J. O. and Aguilar Soto, N. and Lynch, J. and Tyack, P.},
	year = {2006},
	pages = {2366--2379},
	file = {Madsen et al. - 2006 - Quantitative measures of air-gun pulses recorded o.pdf:/home/delporta/Zotero/storage/89894ECF/Madsen et al. - 2006 - Quantitative measures of air-gun pulses recorded o.pdf:application/pdf},
}

@article{friedlaender_preymediated_2016,
	title = {Prey‐mediated behavioral responses of feeding blue whales in controlled sound exposure experiments},
	volume = {26},
	copyright = {http://onlinelibrary.wiley.com/termsAndConditions\#vor},
	issn = {1051-0761, 1939-5582},
	doi = {10.1002/15-0783},
	language = {en},
	number = {4},
	journal = {Ecological Applications},
	author = {Friedlaender, A. S. and Hazen, E. L. and Goldbogen, J. A. and Stimpert, A. K. and Calambokidis, J. and Southall, B. L.},
	year = {2016},
	pages = {1075--1085},
	file = {Friedlaender et al. - 2016 - Prey‐mediated behavioral responses of feeding blue.pdf:/home/delporta/Zotero/storage/XK9VRE8Z/Friedlaender et al. - 2016 - Prey‐mediated behavioral responses of feeding blue.pdf:application/pdf},
}

@article{martin_exposure_2023,
	title = {Exposure and behavioral responses of tagged beluga whales ( \textit{{Delphinapterus} leucas} ) to ships in the {Pacific} {Arctic}},
	volume = {39},
	issn = {0824-0469, 1748-7692},
	doi = {10.1111/mms.12978},
	language = {en},
	number = {2},
	journal = {Marine Mammal Science},
	author = {Martin, Morgan J. and Halliday, William D. and Storrie, Luke and Citta, John J. and Dawson, Jackie and Hussey, Nigel E. and Juanes, Francis and Loseto, Lisa L. and MacPhee, Shannon A. and Moore, Lisa and Nicoll, Adrian and O'Corry‐Crowe, Gregory and Insley, Stephen J.},
	year = {2023},
	pages = {387--421},
	file = {Martin et al. - 2023 - Exposure and behavioral responses of tagged beluga.pdf:/home/delporta/Zotero/storage/L3V38UJT/Martin et al. - 2023 - Exposure and behavioral responses of tagged beluga.pdf:application/pdf},
}

@book{alt_biological_1990,
	address = {Berlin, Heidelberg},
	series = {Lecture {Notes} in {Biomathematics}},
	title = {Biological {Motion}: {Proceedings} of a {Workshop} held in {Königswinter}, {Germany}, {March} 16–19, 1989},
	volume = {89},
	copyright = {https://www.springernature.com/gp/researchers/text-and-data-mining},
	isbn = {978-3-540-53520-1 978-3-642-51664-1},
	shorttitle = {Biological {Motion}},
	url = {https://link.springer.com/10.1007/978-3-642-51664-1},
	language = {en},
	urldate = {2024-04-14},
	publisher = {Springer Berlin Heidelberg},
	editor = {Alt, Wolfgang and Hoffmann, Gerhard and Levin, S.},
	year = {1990},
	doi = {10.1007/978-3-642-51664-1},
	file = {Alt et Hoffmann - 1990 - Biological Motion Proceedings of a Workshop held .pdf:/home/delporta/Zotero/storage/6VPMRF3Q/Alt et Hoffmann - 1990 - Biological Motion Proceedings of a Workshop held .pdf:application/pdf},
}

@article{gurarie_correlated_2017,
	title = {Correlated velocity models as a fundamental unit of animal movement: synthesis and applications},
	volume = {5},
	issn = {2051-3933},
	shorttitle = {Correlated velocity models as a fundamental unit of animal movement},
	doi = {10.1186/s40462-017-0103-3},
	language = {en},
	number = {1},
	journal = {Movement Ecology},
	author = {Gurarie, Eliezer and Fleming, Christen H. and Fagan, William F. and Laidre, Kristin L. and Hernández-Pliego, Jesús and Ovaskainen, Otso},
	year = {2017},
	pages = {13},
	file = {Gurarie et al. - 2017 - Correlated velocity models as a fundamental unit o.pdf:/home/delporta/Zotero/storage/WHVGJUH9/Gurarie et al. - 2017 - Correlated velocity models as a fundamental unit o.pdf:application/pdf},
}

@article{johnson_continuous_2008,
	title = {Continuous time correlated random walk model for animal telemetry data},
	volume = {89},
	copyright = {http://onlinelibrary.wiley.com/termsAndConditions\#vor},
	issn = {0012-9658, 1939-9170},
	doi = {10.1890/07-1032.1},
	language = {en},
	number = {5},
	journal = {Ecology},
	author = {Johnson, Devin S. and London, Joshua M. and Lea, Mary-Anne and Durban, John W.},
	year = {2008},
	pages = {1208--1215},
	file = {Johnson et al. - 2008 - CONTINUOUS‐TIME CORRELATED RANDOM WALK MODEL FOR A.pdf:/home/delporta/Zotero/storage/ETUDI6KF/Johnson et al. - 2008 - CONTINUOUS‐TIME CORRELATED RANDOM WALK MODEL FOR A.pdf:application/pdf},
}

@misc{albertsen_generalizing_2018,
	title = {Generalizing the first-difference correlated random walk for marine animal movement data},
	language = {en},
	publisher = {arXiv},
	author = {Albertsen, Christoffer Moesgaard},
	year = {2018},
	note = {arXiv:1806.08582 [q-bio]},
	keywords = {Quantitative Biology - Quantitative Methods},
	file = {Albertsen - 2018 - Generalizing the first-difference correlated rando.pdf:/home/delporta/Zotero/storage/MEJ7THD8/Albertsen - 2018 - Generalizing the first-difference correlated rando.pdf:application/pdf},
}

@article{gurarie_estimating_2011,
	title = {Estimating {3D} {Movements} from {2D} {Observations} {Using} a {Continuous} {Model} of {Helical} {Swimming}},
	volume = {73},
	copyright = {http://www.springer.com/tdm},
	issn = {0092-8240, 1522-9602},
	doi = {10.1007/s11538-010-9575-7},
	language = {en},
	number = {6},
	journal = {Bulletin of Mathematical Biology},
	author = {Gurarie, Eliezer and Grünbaum, Daniel and Nishizaki, Michael T.},
	year = {2011},
	pages = {1358--1377},
	file = {Gurarie et al. - 2011 - Estimating 3D Movements from 2D Observations Using.pdf:/home/delporta/Zotero/storage/H2RCMV7K/Gurarie et al. - 2011 - Estimating 3D Movements from 2D Observations Using.pdf:application/pdf},
}

@article{kristensen_tmb_2016,
	title = {{TMB}: {Automatic} {Differentiation} and {Laplace} {Approximation}},
	volume = {70},
	issn = {1548-7660},
	shorttitle = {{TMB}},
	doi = {10.18637/jss.v070.i05},
	language = {en},
	number = {5},
	journal = {Journal of Statistical Software},
	author = {Kristensen, Kasper and Nielsen, Anders and Berg, Casper W. and Skaug, Hans and Bell, Brad},
	year = {2016},
	note = {arXiv:1509.00660 [stat]},
	keywords = {Statistics - Computation},
	file = {Kristensen et al. - 2016 - TMB Automatic Differentiation and Laplace Approxi.pdf:/home/delporta/Zotero/storage/YZHVS8FN/Kristensen et al. - 2016 - TMB Automatic Differentiation and Laplace Approxi.pdf:application/pdf},
}

@article{dietz_movements_1995,
	title = {Movements and swimming speed of narwhals, \textit{{Monodon} monoceros} , equipped with satellite transmitters in {Melville} {Bay}, northwest {Greenland}},
	volume = {73},
	copyright = {http://www.nrcresearchpress.com/page/about/CorporateTextAndDataMining},
	issn = {0008-4301, 1480-3283},
	doi = {10.1139/z95-248},
	language = {en},
	number = {11},
	journal = {Canadian Journal of Zoology},
	author = {Dietz, R. and Heide-Jørgensen, M. P.},
	year = {1995},
	pages = {2106--2119},
	file = {Dietz et Heide-Jørgensen - 1995 - Movements and swimming speed of narwhals, Monod.pdf:/home/delporta/Zotero/storage/NRBTJQGH/Dietz et Heide-Jørgensen - 1995 - Movements and swimming speed of narwhals, Monod.pdf:application/pdf},
}

@article{garde_biological_2022,
	title = {Biological parameters in a declining population of narwhals ( \textit{{Monodon} monoceros} ) in {Scoresby} {Sound}, {Southeast} {Greenland}},
	volume = {8},
	copyright = {http://www.nrcresearchpress.com/page/about/CorporateTextAndDataMining},
	issn = {2368-7460, 2368-7460},
	doi = {10.1139/as-2021-0009},
	language = {en},
	number = {2},
	journal = {Arctic Science},
	author = {Garde, Eva and Tervo, Outi M. and Sinding, Mikkel-Holger S. and Nielsen, Nynne H. and Cornett, Claus and Heide-Jørgensen, Mads Peter},
	year = {2022},
	pages = {329--348},
	file = {Garde et al. - 2022 - Biological parameters in a declining population of.pdf:/home/delporta/Zotero/storage/2FX8W36C/Garde et al. - 2022 - Biological parameters in a declining population of.pdf:application/pdf},
}

@incollection{brillinger_simulating_2003,
	address = {Beachwood, OH},
	title = {Simulating constrained animal motion using stochastic differential equations},
	isbn = {978-0-940600-55-3},
	language = {en},
	booktitle = {Institute of {Mathematical} {Statistics} {Lecture} {Notes} - {Monograph} {Series}},
	publisher = {Institute of Mathematical Statistics},
	author = {Brillinger, David R.},
	year = {2003},
	doi = {10.1214/lnms/1215091656},
	pages = {35--48},
	file = {Brillinger - 2003 - Simulating constrained animal motion using stochas.pdf:/home/delporta/Zotero/storage/WFZ5FCL8/Brillinger - 2003 - Simulating constrained animal motion using stochas.pdf:application/pdf},
}

@article{hanks_reflected_2017,
	title = {Reflected {Stochastic} {Differential} {Equation} {Models} for {Constrained} {Animal} {Movement}},
	volume = {22},
	issn = {1085-7117, 1537-2693},
	doi = {10.1007/s13253-017-0291-8},
	language = {en},
	number = {3},
	journal = {Journal of Agricultural, Biological and Environmental Statistics},
	author = {Hanks, Ephraim M. and Johnson, Devin S. and Hooten, Mevin B.},
	year = {2017},
	pages = {353--372},
	file = {Hanks et al. - 2017 - Reflected Stochastic Differential Equation Models .pdf:/home/delporta/Zotero/storage/VAF7WKCD/Hanks et al. - 2017 - Reflected Stochastic Differential Equation Models .pdf:application/pdf},
}

@article{brost_animal_2015,
	title = {Animal movement constraints improve resource selection inference in the presence of telemetry error},
	volume = {96},
	copyright = {http://onlinelibrary.wiley.com/termsAndConditions\#vor},
	issn = {0012-9658, 1939-9170},
	doi = {10.1890/15-0472.1},
	language = {en},
	number = {10},
	journal = {Ecology},
	author = {Brost, Brian M. and Hooten, Mevin B. and Hanks, Ephraim M. and Small, Robert J.},
	year = {2015},
	pages = {2590--2597},
	file = {Brost et al. - 2015 - Animal movement constraints improve resource selec.pdf:/home/delporta/Zotero/storage/4422UGFN/Brost et al. - 2015 - Animal movement constraints improve resource selec.pdf:application/pdf},
}

@article{russell_spatially_2018,
	title = {A spatially varying stochastic differential equation model for animal movement},
	volume = {12},
	issn = {1932-6157},
	doi = {10.1214/17-AOAS1113},
	language = {en},
	number = {2},
	journal = {The Annals of Applied Statistics},
	author = {Russell, James C. and Hanks, Ephraim M. and Haran, Murali and Hughes, David},
	year = {2018},
	file = {Russell et al. - 2018 - A spatially varying stochastic differential equati.pdf:/home/delporta/Zotero/storage/CPR3GUTL/Russell et al. - 2018 - A spatially varying stochastic differential equati.pdf:application/pdf},
}

@article{ditlevsen_hypoelliptic_2019,
	title = {Hypoelliptic {Diffusions}: {Filtering} and {Inference} from {Complete} and {Partial} {Observations}},
	volume = {81},
	copyright = {https://academic.oup.com/journals/pages/open\_access/funder\_policies/chorus/standard\_publication\_model},
	issn = {1369-7412, 1467-9868},
	shorttitle = {Hypoelliptic {Diffusions}},
	doi = {10.1111/rssb.12307},
	language = {en},
	number = {2},
	journal = {Journal of the Royal Statistical Society Series B: Statistical Methodology},
	author = {Ditlevsen, Susanne and Samson, Adeline},
	year = {2019},
	pages = {361--384},
	file = {Ditlevsen et Samson - 2019 - Hypoelliptic Diffusions Filtering and Inference f.pdf:/home/delporta/Zotero/storage/D4EEQZSF/Ditlevsen et Samson - 2019 - Hypoelliptic Diffusions Filtering and Inference f.pdf:application/pdf},
}

@inproceedings{letzepis_von_2015,
	address = {South Brisbane, Queensland, Australia},
	title = {On the von mises approximation for the distribution of the phase angle between two independent complex {Gaussian} vectors},
	isbn = {978-1-4673-6997-8},
	doi = {10.1109/ICASSP.2015.7178571},
	language = {en},
	booktitle = {2015 {IEEE} {International} {Conference} on {Acoustics}, {Speech} and {Signal} {Processing} ({ICASSP})},
	publisher = {IEEE},
	author = {Letzepis, Nick},
	year = {2015},
	pages = {3247--3251},
	file = {Letzepis - 2015 - On the von mises approximation for the distributio.pdf:/home/delporta/Zotero/storage/NCICA2BF/Letzepis - 2015 - On the von mises approximation for the distributio.pdf:application/pdf},
}

@article{pawula_distribution_1982,
	title = {Distribution of the {Phase} {Angle} {Between} {Two} {Vectors} {Perturbed} by {Gaussian} {Noise}},
	volume = {30},
	copyright = {https://ieeexplore.ieee.org/Xplorehelp/downloads/license-information/IEEE.html},
	issn = {0096-2244},
	doi = {10.1109/TCOM.1982.1095662},
	language = {en},
	number = {8},
	journal = {IEEE Transactions on Communications},
	author = {Pawula, R. and Rice, S. and Roberts, J.},
	year = {1982},
	pages = {1828--1841},
	file = {pawula1982.pdf:/home/delporta/Zotero/storage/JK3XWIN8/pawula1982.pdf:application/pdf},
}

@misc{cioffi_trade-offs_2022,
	title = {Trade-offs in telemetry tag programming for deep-diving cetaceans: data longevity, resolution, and continuity},
	shorttitle = {Trade-offs in telemetry tag programming for deep-diving cetaceans},
	doi = {10.1101/2022.05.28.493822},
	language = {en},
	author = {Cioffi, William R and Quick, Nicola J and Swaim, Zachary T and Foley, Heather J and Waples, Danielle M and Webster, Daniel L and Baird, Robin W and Southall, Brandon L and Nowacek, Douglas P and Read, Andrew J},
	year = {2022},
	file = {Cioffi et al. - Trade-offs in telemetry tag programming for deep-d.pdf:/home/delporta/Zotero/storage/N4GZG3PA/Cioffi et al. - Trade-offs in telemetry tag programming for deep-d.pdf:application/pdf},
}

@article{preisler_analyzing_2013,
	title = {Analyzing animal movement patterns using potential functions},
	volume = {4},
	copyright = {http://creativecommons.org/licenses/by/3.0/},
	issn = {2150-8925, 2150-8925},
	doi = {10.1890/ES12-00286.1},
	language = {en},
	number = {3},
	journal = {Ecosphere},
	author = {Preisler, Haiganoush K. and Ager, Alan A. and Wisdom, Michael J.},
	year = {2013},
	pages = {1--13},
	file = {Preisler et al. - 2013 - Analyzing animal movement patterns using potential.pdf:/home/delporta/Zotero/storage/BBY5KJMI/Preisler et al. - 2013 - Analyzing animal movement patterns using potential.pdf:application/pdf},
}

@incollection{alt_correlation_1990,
	address = {Berlin, Heidelberg},
	series = {Lecture {Notes} in {Biomathematics}},
	title = {Correlation analysis of two-dimensional locomotion paths},
	volume = {89},
	copyright = {https://www.springernature.com/gp/researchers/text-and-data-mining},
	isbn = {978-3-540-53520-1 978-3-642-51664-1},
	language = {en},
	booktitle = {Biological {Motion}: {Proceedings} of a {Workshop} held in {Königswinter}, {Germany}, {March} 16–19, 1989},
	publisher = {Springer Berlin Heidelberg},
	editor = {Alt, Wolfgang and Hoffmann, Gerhard and Levin, S.},
	year = {1990},
	doi = {10.1007/978-3-642-51664-1},
	pages = {254--268},
}

@article{michelot_varying-coefficient_2021,
	title = {Varying-{Coefficient} {Stochastic} {Differential} {Equations} with {Applications} in {Ecology}},
	volume = {26},
	issn = {1085-7117, 1537-2693},
	doi = {10.1007/s13253-021-00450-6},
	language = {en},
	number = {3},
	journal = {Journal of Agricultural, Biological and Environmental Statistics},
	author = {Michelot, Théo and Glennie, Richard and Harris, Catriona and Thomas, Len},
	year = {2021},
	pages = {446--463},
	file = {Michelot et al. - 2021 - Varying-Coefficient Stochastic Differential Equati.pdf:/home/delporta/Zotero/storage/C6CJ886Q/Michelot et al. - 2021 - Varying-Coefficient Stochastic Differential Equati.pdf:application/pdf},
}

@misc{michelot_continuous-time_2022,
	title = {Continuous-time modelling of behavioural responses in animal movement},
	language = {en},
	publisher = {arXiv},
	author = {Michelot, Théo and Glennie, Richard and Thomas, Len and Quick, Nicola and Harris, Catriona M.},
	year = {2022},
	note = {arXiv:2212.09574 [stat]},
	keywords = {Statistics - Applications, Statistics - Methodology},
	file = {Michelot et al. - 2022 - Continuous-time modelling of behavioural responses.pdf:/home/delporta/Zotero/storage/KLHPJQYV/Michelot et al. - 2022 - Continuous-time modelling of behavioural responses.pdf:application/pdf},
}

@book{wood_generalized_2017,
	edition = {2},
	title = {Generalized {Additive} {Models}: {An} {Introduction} with {R}},
	isbn = {978-1-315-37027-9},
	shorttitle = {Generalized {Additive} {Models}},
	language = {en},
	publisher = {Chapman and Hall/CRC},
	author = {Wood, Simon N.},
	year = {2017},
	doi = {10.1201/9781315370279},
	file = {Wood - Generalized Additive Models an introduction with .pdf:/home/delporta/Zotero/storage/LC7QRQH9/Wood - Generalized Additive Models an introduction with .pdf:application/pdf},
}

@article{jonsen_robust_2005,
	title = {{ROBUST} {STATE}–{SPACE} {MODELING} {OF} {ANIMAL} {MOVEMENT} {DATA}},
	volume = {86},
	copyright = {http://doi.wiley.com/10.1002/tdm\_license\_1.1},
	issn = {0012-9658},
	doi = {10.1890/04-1852},
	language = {en},
	number = {11},
	journal = {Ecology},
	author = {Jonsen, Ian D. and Flemming, Joanna Mills and Myers, Ransom A.},
	year = {2005},
	pages = {2874--2880},
	file = {Jonsen et al. - 2005 - ROBUST STATE–SPACE MODELING OF ANIMAL MOVEMENT DAT.pdf:/home/delporta/Zotero/storage/4SAU9EYI/Jonsen et al. - 2005 - ROBUST STATE–SPACE MODELING OF ANIMAL MOVEMENT DAT.pdf:application/pdf},
}

@article{wensveen_path_2015,
	title = {A path reconstruction method integrating dead-reckoning and position fixes applied to humpback whales},
	volume = {3},
	issn = {2051-3933},
	doi = {10.1186/s40462-015-0061-6},
	language = {en},
	number = {1},
	journal = {Movement Ecology},
	author = {Wensveen, Paul J. and Thomas, Len and Miller, Patrick J. O.},
	year = {2015},
	pages = {31},
	file = {Wensveen et al. - 2015 - A path reconstruction method integrating dead-reck.pdf:/home/delporta/Zotero/storage/4KT3PTLN/Wensveen et al. - 2015 - A path reconstruction method integrating dead-reck.pdf:application/pdf},
}

@misc{hanks_flexible_2016,
	title = {Flexible discrete space models of animal movement},
	language = {en},
	publisher = {arXiv},
	author = {Hanks, Ephraim M. and Hughes, David A.},
	year = {2016},
	note = {arXiv:1606.07986 [stat]},
	keywords = {Statistics - Applications},
	file = {Hanks et Hughes - 2016 - Flexible discrete space models of animal movement.pdf:/home/delporta/Zotero/storage/V6X97NKB/Hanks et Hughes - 2016 - Flexible discrete space models of animal movement.pdf:application/pdf},
}

@article{mcclintock_momentuhmm_2021,
	title = {{momentuHMM}: {R} package for analysis of telemetry data using generalized multivariate hidden {Markov} models of animal movement},
	language = {en},
	author = {McClintock, Brett T and Michelot, Theo},
	year = {2021},
	file = {McClintock et Michelot - momentuHMM R package for analysis of telemetry da.pdf:/home/delporta/Zotero/storage/UFW3LF3M/McClintock et Michelot - momentuHMM R package for analysis of telemetry da.pdf:application/pdf},
}

@article{smith_new_2013,
	title = {New {Trans}-{Arctic} shipping routes navigable by midcentury},
	volume = {110},
	issn = {0027-8424, 1091-6490},
	doi = {10.1073/pnas.1214212110},
	language = {en},
	number = {13},
	urldate = {2024-07-01},
	journal = {Proceedings of the National Academy of Sciences},
	author = {Smith, Laurence C. and Stephenson, Scott R.},
	year = {2013},
	file = {Smith et Stephenson - 2013 - New Trans-Arctic shipping routes navigable by midc.pdf:/home/delporta/Zotero/storage/89TDGUV2/Smith et Stephenson - 2013 - New Trans-Arctic shipping routes navigable by midc.pdf:application/pdf},
}

@misc{janaswamy_state_2018,
	title = {A {State} {Space} {Technique} for {Wildlife} {Position} {Estimation} {Using} {Non}-{Simultaneous} {Signal} {Strength} {Measurements}},
	language = {en},
	publisher = {arXiv},
	author = {Janaswamy, Ramakrishna and Loring, Pamela and McLaren, James},
	year = {2018},
	note = {arXiv:1805.11171 [eess]},
	keywords = {Electrical Engineering and Systems Science - Signal Processing},
	annote = {Comment: 24 pages},
	file = {Janaswamy et al. - 2018 - A State Space Technique for Wildlife Position Esti.pdf:/home/delporta/Zotero/storage/L2LBYIDI/Janaswamy et al. - 2018 - A State Space Technique for Wildlife Position Esti.pdf:application/pdf},
}

@article{albertsen_fast_2015,
	title = {Fast fitting of non‐{Gaussian} state‐space models to animal movement data via {Template} {Model} {Builder}},
	volume = {96},
	copyright = {http://onlinelibrary.wiley.com/termsAndConditions\#vor},
	issn = {0012-9658, 1939-9170},
	doi = {10.1890/14-2101.1},
	language = {en},
	number = {10},
	journal = {Ecology},
	author = {Albertsen, Christoffer Moesgaard and Whoriskey, Kim and Yurkowski, David and Nielsen, Anders and Flemming, Joanna Mills},
	year = {2015},
	pages = {2598--2604},
	file = {Albertsen et al. - 2015 - Fast fitting of non‐Gaussian state‐space models to.pdf:/home/delporta/Zotero/storage/QCY8IK4A/Albertsen et al. - 2015 - Fast fitting of non‐Gaussian state‐space models to.pdf:application/pdf},
}

@article{tervo_stuck_2023,
	title = {Stuck in a corner: {Anthropogenic} noise threatens narwhals in their once pristine {Arctic} habitat},
	volume = {9},
	issn = {2375-2548},
	shorttitle = {Stuck in a corner},
	doi = {10.1126/sciadv.ade0440},
	language = {en},
	number = {30},
	journal = {Science Advances},
	author = {Tervo, Outi M. and Blackwell, Susanna B. and Ditlevsen, Susanne and Garde, Eva and Hansen, Rikke G. and Samson, Adeline L. and Conrad, Alexander S. and Heide-Jørgensen, Mads Peter},
	year = {2023},
	file = {Tervo et al. - 2023 - Stuck in a corner Anthropogenic noise threatens n.pdf:/home/delporta/Zotero/storage/PGFBVHY3/Tervo et al. - 2023 - Stuck in a corner Anthropogenic noise threatens n.pdf:application/pdf},
}
